@article{Cardinal2005,
author = {Cardinal, Jean and Fiorini, Samuel},
file = {:Users/jacopo/Documents/Papers/fulltext.pdf:pdf},
journal = {Algorithms and Computation},
number = {X},
pages = {819--828},
title = {{Minimum entropy coloring}},
url = {http://www.springerlink.com/index/p8517qh793881721.pdf},
year = {2005}
}
@inproceedings{Cardinal2009,
archivePrefix = {arXiv},
arxivId = {arXiv:0811.2572v2},
author = {Cardinal, Jean and Fiorini, Samuel and Joret, G. and Jungers, R.M. and Munro, J.I.},
booktitle = {Proceedings of the 41st annual ACM symposium on Theory of computing},
eprint = {arXiv:0811.2572v2},
file = {:Users/jacopo/Documents/Papers/0811.2572v2.pdf:pdf},
keywords = {graph entropy,partial order},
pages = {93--100},
publisher = {ACM},
title = {{An Efficient Algorithm for Partial Order Production}},
url = {http://dl.acm.org/citation.cfm?id=1536430},
year = {2009}
}
@inproceedings{Cardinal2010a,
archivePrefix = {arXiv},
arxivId = {arXiv:0911.0086v2},
author = {Cardinal, Jean and Fiorini, Samuel and Joret, G. and Jungers, R.M. and Munro, J.I.},
booktitle = {Proceedings of the 42nd ACM symposium on Theory of computing},
eprint = {arXiv:0911.0086v2},
file = {:Users/jacopo/Documents/Papers/0911.pdf:pdf},
pages = {359--368},
publisher = {ACM},
title = {{Sorting under Partial Information (without the Ellipsoid Algorithm)}},
url = {http://dl.acm.org/citation.cfm?id=1806740},
year = {2010}
}
@article{Kahn1995,
author = {Kahn, Jeff and Kim, J.H.},
file = {:Users/jacopo/Documents/Papers/Entropy and Sorting.pdf:pdf},
journal = {Journal of Computer and System Sciences},
number = {3},
pages = {390--399},
publisher = {Elsevier},
title = {{Entropy and Sorting}},
url = {http://www.sciencedirect.com/science/article/pii/S002200008571077X},
volume = {51},
year = {1995}
}
@inproceedings{Korner1973,
author = {K\"{o}rner, J.},
booktitle = {6th Prague Conference on Information Theory},
file = {:Users/jacopo/Documents/Papers/graphentropy71.pdf:pdf},
pages = {411--425},
title = {{Coding of an information source having ambiguous alphabet and the entropy of graphs}},
url = {http://scholar.google.com/scholar?hl=en\&btnG=Search\&q=intitle:Coding+of+an+Information+Source+Having+Ambiguous+Alphabet+and+the+Entropy+of+Graphs\#0},
year = {1973}
}
@article{Simonyi,
author = {Simonyi, G.},
file = {:Users/jacopo/Documents/Papers/Graph Entropy, a Survey.pdf:pdf},
journal = {Combinatorial Optimization: Papers from the DIMACS Special Year},
pages = {399--441},
title = {{Graph Entropy: A Survey}},
url = {http://books.google.com/books?hl=en\&amp;lr=\&amp;id=Mhf4Zmq1Q3cC\&amp;oi=fnd\&amp;pg=PA399\&amp;dq=Graph+Entropy:+A+Survey\&amp;ots=wL-CXlqUfN\&amp;sig=\_TmRmlM4pvXJLf9qR0secZccYwU}
}
