@article{Berge1960,
  title = {Les problemes de coloration en th√©orie des graphes},
  author = {Berge, C.},
  journal = {Publ. Inst. Stat. Univ. Paris},
  pages = {123--160},
  number = {9},
  year = {1960},
}
@article{Brightwell1991,
  author = {Brightwell, G.},
  journal = {Order},
  title = {{Counting Linear Extensions}},
  volume = {8},
  number = {3},
  pages = {225--242},
  year = {1991},
}
@article{Cardinal2005,
  author = {Cardinal, J. and Fiorini, S.},
  journal = {Algorithms and Computation},
  number = {X},
  pages = {819--828},
  title = {{Minimum entropy coloring}},
  year = {2005}
}
@inproceedings{Cardinal2010,
  author = {Cardinal, J. and Fiorini, S. and Joret, G. and Jungers, R.M. and Munro, J.I.},
  booktitle = {Proceedings of the 42nd ACM symposium on Theory of computing},
  pages = {359--368},
  title = {{Sorting under Partial Information (without the Ellipsoid Algorithm)}},
  year = {2010}
}
@inproceedings{Cardinal2009,
  author = {Cardinal, J. and Fiorini, S. and Joret, G. and Jungers, R.M. and Munro, J.I.},
  booktitle = {Proceedings of the 41st annual ACM symposium on Theory of computing},
  keywords = {graph entropy,partial order},
  pages = {93--100},
  title = {{An Efficient Algorithm for Partial Order Production}},
  year = {2009}
}
@article{Chudnovsky2006,
  author = {Chudnovsky, M. and Robertson, N. and Seymour, P. and Thomas, R.},
  title = {The Strong Perfect Graph Theorem},
  journal = {The Annals of Mathematics},
  volume = {164},
  number = {1},
  series = {Second Series},
  pages = {51--229},
  year = {2006},
  publisher = {Annals of Mathematics},
}
@article{Chvatal1975,
  title = "On certain polytopes associated with graphs",
  journal = "Journal of Combinatorial Theory, Series B",
  volume = "18",
  number = "2",
  pages = "138--154",
  year = "1975",
  author = "Chv\'{a}tal, V."
}
@book{Cover2006,
  author = {Cover, T.M. and Thomas, J.A.},
  title = {Elements of Information Theory},
  year = {2006},
  publisher = {Wiley-Interscience},
}
@article{Csiszar1990,
  author = {Csisz\'{a}r, I. and K\"{o}rner, J. and Lov\'{a}sz, L. and Marton, K. and Simonyi, G.},
  journal = {Combinatorica},
  number = {1},
  pages = {27--40},
  title = {{Entropy splitting for antiblocking corners and perfect graphs}},
  volume = {10},
  year = {1990}
}
@article{Fredman1976,
  author = "Fredman, M.L.",
  title = "How good is the information theory bound in sorting?",
  journal = "Theoretical Computer Science",
  volume = "1",
  number = "4",
  pages = "355 - 361",
  year = "1976"
}
@book{Golumbic2004,
  author={Golumbic, M.C.},
  title={Algorithmic Graph Theory and Perfect Graphs},
  series={Annals of Discrete Mathematics},
  year={2004},
  publisher={Elsevier}
}
@article{Hwang1972,
  author = {Hwang, F.K. and Lin, S.},
  title = {A Simple Algorithm for Merging Two Disjoint Linearly Ordered Sets},
  year = {1972},
  journal = {SIAM Journal on Computing},
  volume = {1},
  number = {1},
  pages = {31-39},
}
@article {Kahn1984,
  author = {Kahn, J. and Saks, M.},
  title = {Balancing poset extensions},
  journal = {Order},
  pages = {113-126},
  volume = {1},
  issue = {2},
  year = {1984}
}
@article{Kahn1995,
  author = {Kahn, J. and Kim, J.H.},
  journal = {Journal of Computer and System Sciences},
  number = {3},
  pages = {390--399},
  publisher = {Elsevier},
  title = {{Entropy and Sorting}},
  volume = {51},
  year = {1995}
}
@article {Kislitsyn1968,
  author = {Kislitsyn, S.S.},
  title = {A finite partially ordered set and its corresponding set of permutations},
  journal = {Mathematical Notes},
  pages = {798--801},
  volume = {4},
  issue = {5},
  year = {1968}
}
@article{Korner1971,
  author = {K\"{o}rner, J.},
  title = {A property of conditional entropy},
  journal = {Stud. Sci. Math. Hung.},
  volume = {6},
  pages = {355--359},
  year = {1971},
}
@inproceedings{Korner1973,
  author = {K\"{o}rner, J.},
  booktitle = {6th Prague Conference on Information Theory},
  pages = {411--425},
  title = {{Coding of an information source having ambiguous alphabet and the entropy of graphs}},
  year = {1973}
}
@article{Korner1986,
  author = {K\"{o}rner, J.},
  title = {{Fredman-Koml\'{o}s bounds and information theory}},
  journal = {SIAM J. Algebraic Discrete Methods},
  volume = {7},
  number = {4},
  year = {1986},
  pages = {560--570},
}
@article{Korner1988,
  author = {K\"orner, J. and Marton, K.},
  title = {Graphs that Split Entropies},
  journal = {SIAM J. on Discrete Mathematics},
  volume = {1},
  issue = {1},
  pages = {71--79},
  year = {1988},
}
@article{Korner1990,
  author = {K\"{o}rner, J. and Marton, K.},
  pages = {153--156},
  journal = {IEEE Transactions on Information Theory},
  title = {On the capacity of uniform hypergraphs},
  volume = {36},
  issue = {1},
  year = {1990},
}
@article{Korner1992,
  author = {K\"orner, J. and Simonyi, G. and Tuza, Z.},
  journal = {Combinatorica},
  title = {Perfect couples of graphs},
  volume = {12},
  number = {2},
  pages = {179--192},
  year = {1992},
}
@article{Linial1984,
  author = {Linial, N.},
  journal = {SIAM J. Comput.},
  number = {4},
  pages = {795--801},
  title = {{The information-theoretic bound is good for merging}},
  volume = {13},
  year = {1984},
}
@article{Lovasz1972,
  title = "Normal hypergraphs and the perfect graph conjecture",
  journal = "Discrete Mathematics",
  volume = "2",
  number = "3",
  pages = "253 - 267",
  year = "1972",
  author = {Lov\'{a}sz, L.},
}
@article{Mirsky1971,
  title = {A Dual of Dilworth's Decomposition Theorem},
  author = {Mirsky, L.},
  journal = {The American Mathematical Monthly},
  volume = {78},
  number = {8},
  pages = {876--877},
  year = {1971},
}
@inproceedings{Renyi1961,
  title = {On measures of information and entropy},
  booktitle = {Proc. 4th Berkeley Symp. Math. Statist. and Prob.},
  author = {A. R\'{e}nyi},
  volume = {1},
  pages = {547--561},
  year = {1961}
}
@article{Shannon1948,
  author = {Shannon, C.E.},
  title = {A Mathematical Theory of Communication},
  journal = {Bell Syst. Tech. J.},
  volume = {27},
  pages = {379--423, 623--656},
  year = {1948},
}
@article{Simonyi1995,
  author = {Simonyi, G.},
  journal = {Combinatorial Optimization: Papers from the DIMACS Special Year},
  year = "1995",
  pages = {399--441},
  title = {{Graph Entropy: A Survey}},
}
@incollection{Simonyi2001,
  author = {Simonyi, G.},
  title = {Perfect graphs and graph entropy: An updated survey},
  booktitle = {Perfect Graphs},
  publisher = {Wiley},
  editor = {Alfons\'{i}n, J.L.R. and Reed, B.A.},
  pages = {293--328},
  year = {2001},
}
